<record><leader>00000cas a22000007a 4500</leader><controlfield tag="001">12799576</controlfield><controlfield tag="008">851115d19781981utuwr ne      0    0eng d</controlfield><datafield ind1=" " ind2=" " tag="010"><subfield code="a">sn 85058337 </subfield></datafield><datafield ind1=" " ind2=" " tag="040"><subfield code="a">UNP</subfield><subfield code="b">eng</subfield><subfield code="c">UNP</subfield><subfield code="d">UBY</subfield><subfield code="d">OCLCQ</subfield><subfield code="d">OCLCF</subfield><subfield code="d">OCLCO</subfield></datafield><datafield ind1=" " ind2=" " tag="042"><subfield code="a">msc</subfield></datafield><datafield ind1=" " ind2=" " tag="043"><subfield code="a">n-us-ut</subfield></datafield><datafield ind1="0" ind2=" " tag="130"><subfield code="a">Messenger (Manti, Utah : 1978)</subfield></datafield><datafield ind1="1" ind2="4" tag="245"><subfield code="a">The Messenger.</subfield></datafield><datafield ind1=" " ind2=" " tag="260"><subfield code="a">Manti, Utah :</subfield><subfield code="b">M.E. Call,</subfield><subfield code="c">1978-1981.</subfield></datafield><datafield ind1=" " ind2=" " tag="300"><subfield code="a">3 v. :</subfield><subfield code="b">ill. ;</subfield><subfield code="c">60 cm.</subfield></datafield><datafield ind1=" " ind2=" " tag="310"><subfield code="a">Weekly</subfield></datafield><datafield ind1="0" ind2=" " tag="362"><subfield code="a">Vol. 93, no. 23 (Dec. 7, 1978)-v. 95, no. 33 (Feb. 12, 1981).</subfield></datafield><datafield ind1=" " ind2=" " tag="525"><subfield code="a">Supplements accompany many issues.</subfield></datafield><datafield ind1=" " ind2=" " tag="580"><subfield code="a">Published from the same office: Enterprise (Ephraim, Utah).</subfield></datafield><datafield ind1=" " ind2="0" tag="651"><subfield code="a">Manti (Utah)</subfield><subfield code="v">Newspapers.</subfield></datafield><datafield ind1=" " ind2="0" tag="651"><subfield code="a">Sanpete County (Utah)</subfield><subfield code="v">Newspapers.</subfield></datafield><datafield ind1=" " ind2="7" tag="655"><subfield code="a">Newspapers.</subfield><subfield code="2">fast</subfield><subfield code="0">(OCoLC)fst01423814</subfield></datafield><datafield ind1=" " ind2="7" tag="651"><subfield code="a">Utah</subfield><subfield code="z">Manti.</subfield><subfield code="2">fast</subfield><subfield code="0">(OCoLC)fst01236146</subfield></datafield><datafield ind1=" " ind2="7" tag="651"><subfield code="a">Utah</subfield><subfield code="z">Sanpete County.</subfield><subfield code="2">fast</subfield><subfield code="0">(OCoLC)fst01218479</subfield></datafield><datafield ind1=" " ind2=" " tag="752"><subfield code="a">United States</subfield><subfield code="b">Utah</subfield><subfield code="c">Sanpete</subfield><subfield code="d">Manti.</subfield></datafield><datafield ind1="0" ind2="0" tag="780"><subfield code="t">Manti messenger (Manti, Utah : 1897)</subfield><subfield code="w">(DLC)sn 85058336</subfield><subfield code="w">(OCoLC)12799571</subfield></datafield><datafield ind1="0" ind2="0" tag="785"><subfield code="t">Manti messenger (Manti, Utah : 1981)</subfield><subfield code="w">(DLC)sn 85058338</subfield><subfield code="w">(OCoLC)12799584</subfield></datafield><datafield ind1="1" ind2=" " tag="787"><subfield code="t">Enterprise (Ephraim, Utah)</subfield><subfield code="w">(DLC)sn 85058288</subfield><subfield code="w">(OCoLC)12799506</subfield></datafield></record>